@inproceedings{stulz1985macroeconomic,
  title={Macroeconomic time-series, business cycles and macroeconomic policies},
  author={Stulz, Rene M and Wasserfallen, Walter},
  booktitle={Carnegie-Rochester Conference Series on Public Policy},
  volume={22},
  pages={9--53},
  year={1985},
  organization={Elsevier}
}

@incollection{jones2016facts,
  title={The facts of economic growth},
  author={Jones, Charles I},
  booktitle={Handbook of macroeconomics},
  volume={2},
  pages={3--69},
  year={2016},
  publisher={Elsevier}
}

@article{acemoglu2001colonial,
  title={The colonial origins of comparative development: An empirical investigation},
  author={Acemoglu, Daron and Johnson, Simon and Robinson, James A},
  journal={American economic review},
  volume={91},
  number={5},
  pages={1369--1401},
  year={2001},
  publisher={American Economic Association}
}

@article{jones2019paul,
  title={Paul Romer: Ideas, nonrivalry, and endogenous growth},
  author={Jones, Charles I},
  journal={The Scandinavian Journal of Economics},
  volume={121},
  number={3},
  pages={859--883},
  year={2019},
  publisher={Wiley Online Library}
}

@article{lucas1995understanding,
  title={Understanding business cycles},
  author={Lucas, Robert E},
  journal={Essential readings in economics},
  pages={306--327},
  year={1995},
  publisher={Springer}
}

@incollection{mitchell2024business,
  title={Business cycles},
  author={Mitchell, Wesley C},
  booktitle={Business Cycle Theory, Part II Volume 8},
  pages={225--241},
  year={2024},
  publisher={Routledge}
}

@article{papell2014long,
  title={Long run time series tests of constant steady-state growth},
  author={Papell, David H and Prodan, Ruxandra},
  journal={Economic Modelling},
  volume={42},
  pages={464--474},
  year={2014},
  publisher={Elsevier}
}

@article{easterly199511,
  title={11 Explaining Miracles: Growth Regressions Meet the Gang of Four},
  author={Easterly, William},
  journal={Growth Theories in Light of the East Asian Experience},
  pages={267},
  year={1995}
}

@article{benigno2018stagnation,
  title={Stagnation traps},
  author={Benigno, Gianluca and Fornaro, Luca},
  journal={The Review of Economic Studies},
  volume={85},
  number={3},
  pages={1425--1470},
  year={2018},
  publisher={Oxford University Press}
}

@article{seip2024scoring,
  title={Scoring Six Detrending Methods on Timing, Lead-Lag Relations, and Cycle Periods: An Empirical Study of US and UK Recessions 1977--2020},
  author={Seip, Knut Lehre and Zhang, Dan},
  journal={Computational Economics},
  pages={1--30},
  year={2024},
  publisher={Springer}
}

@book{neusser2016time,
  title={Time series econometrics},
  author={Neusser, Klaus},
  year={2016},
  publisher={Springer}
}

@article{stock2001vector,
  title={Vector autoregressions},
  author={Stock, James H and Watson, Mark W},
  journal={Journal of Economic perspectives},
  volume={15},
  number={4},
  pages={101--115},
  year={2001},
  publisher={American Economic Association}
}

@article{sims1980macroeconomics,
  title={Macroeconomics and reality},
  author={Sims, Christopher A},
  journal={Econometrica: journal of the Econometric Society},
  pages={1--48},
  year={1980},
  publisher={JSTOR}
}

@article{shapiro1988sources,
  title={Sources of Business Cycle Fluctuations},
  author={Shapiro, M},
  journal={NBER Macroeconomics Annual},
  volume={3},
  year={1988}
}

@misc{blanchard1988dynamic,
  title={The dynamic effects of aggregate demand and supply disturbances},
  author={Blanchard, Olivier J and Quah, Danny},
  year={1988},
  publisher={National Bureau of Economic Research Cambridge, Mass., USA}
}

@inproceedings{cochrane1994shocks,
  title={Shocks},
  author={Cochrane, John H},
  booktitle={Carnegie-Rochester Conference series on public policy},
  volume={41},
  pages={295--364},
  year={1994},
  organization={Elsevier}
}

@article{nakamura2018identification,
  title={Identification in macroeconomics},
  author={Nakamura, Emi and Steinsson, J{\'o}n},
  journal={Journal of Economic Perspectives},
  volume={32},
  number={3},
  pages={59--86},
  year={2018},
  publisher={American Economic Association 2014 Broadway, Suite 305, Nashville, TN 37203-2418}
}

@article{blanchard2002empirical,
  title={An empirical characterization of the dynamic effects of changes in government spending and taxes on output},
  author={Blanchard, Olivier and Perotti, Roberto},
  journal={the Quarterly Journal of economics},
  volume={117},
  number={4},
  pages={1329--1368},
  year={2002},
  publisher={MIT Press}
}

@article{gali2020effects,
  title={The effects of a money-financed fiscal stimulus},
  author={Gal{\'\i}, Jordi},
  journal={Journal of Monetary Economics},
  volume={115},
  pages={1--19},
  year={2020},
  publisher={Elsevier}
}

@book{lutkepohl2005new,
  title={New introduction to multiple time series analysis},
  author={L{\"u}tkepohl, Helmut},
  year={2005},
  publisher={Springer Science \& Business Media}
}

@article{deleidi2021quantifying,
  title={Quantifying fiscal multipliers in Italy: A Panel SVAR analysis using regional data},
  author={Deleidi, Matteo and Romaniello, Davide and Tosi, Francesca},
  journal={Papers in Regional Science},
  volume={100},
  number={5},
  pages={1158--1178},
  year={2021},
  publisher={Elsevier}
}

@article{caldara2017analytics,
  title={The analytics of SVARs: a unified framework to measure fiscal multipliers},
  author={Caldara, Dario and Kamps, Christophe},
  journal={The Review of Economic Studies},
  volume={84},
  number={3},
  pages={1015--1040},
  year={2017},
  publisher={Oxford University Press}
}

@article{ramey2011can,
  title={Can government purchases stimulate the economy?},
  author={Ramey, Valerie A},
  journal={Journal of Economic Literature},
  volume={49},
  number={3},
  pages={673--685},
  year={2011},
  publisher={American Economic Association}
}

@article{lutz2010fiscal,
  title={Fiscal policy in the United States: Automatic stabilizers, discretionary fiscal policy actions, and the economy},
  author={Lutz, Byron F and Follette, Glenn R},
  journal={Discretionary Fiscal Policy Actions, and the Economy (June 28, 2010)},
  year={2010}
}

@article{mountford2009effects,
  title={What are the effects of fiscal policy shocks?},
  author={Mountford, Andrew and Uhlig, Harald},
  journal={Journal of applied econometrics},
  volume={24},
  number={6},
  pages={960--992},
  year={2009},
  publisher={Wiley Online Library}
}

@article{haley1941federal,
  title={The federal budget: economic consequences of deficit financing},
  author={Haley, Bernard F},
  journal={The American Economic Review},
  volume={30},
  number={5},
  pages={67--87},
  year={1941},
  publisher={JSTOR}
}

@article{deleidi2023government,
  title={Government investment fiscal multipliers: evidence from Euro-area countries},
  author={Deleidi, Matteo and Iafrate, Francesca and Levrero, Enrico Sergio},
  journal={Macroeconomic dynamics},
  volume={27},
  number={2},
  pages={331--349},
  year={2023},
  publisher={Cambridge University Press}
}
